@article{christensen2018sorting,
  title={Sorting or {S}teering: Experimental {E}vidence on the {E}conomic {E}ffects of {H}ousing {D}iscrimination},
  author={Christensen, Peter and Timmins, Christopher},
  journal={National Bureau of Economic Research},
  volume={Working Paper No. 24826},
  year={2018},
  institution={National Bureau of Economic Research}
}

@article{mendelsohn2010ricardian,
  title={A Ricardian analysis of Mexican farms},
  author={Mendelsohn, Robert and Arellano-Gonzalez, Jesus and Christensen, Peter},
  journal={Environment and Development Economics},
  volume={15},
  number={2},
  pages={153--171},
  year={2010},
  publisher={Cambridge University Press}
}

@article{christensen2016geographic,
  title={Geographic {D}eterminants of {C}hina's {U}rbanization},
  author={Christensen, Peter and McCord, Gordon C},
  journal={Regional Science and Urban Economics},
  volume={59},
  pages={90--102},
  year={2016},
  publisher={Elsevier}
}

@article{christensen2018uncertainty,
  title={Uncertainty in {F}orecasts of {L}ong-run {E}conomic {G}rowth},
  author={Christensen, Peter and Gillingham, Kenneth and Nordhaus, William},
  journal={Proceedings of the National Academy of Sciences},
  volume={115},
  number={21},
  pages={5409--5414},
  year={2018},
  publisher={National Acad Sciences}
}

@techreport{gillingham2015modeling,
  title={Modeling uncertainty in climate change: A multi-model comparison},
  author={Gillingham, Kenneth and Nordhaus, William D and Anthoff, David and Blanford, Geoffrey and Bosetti, Valentina and Christensen, Peter and McJeon, Haewon and Reilly, John and Sztorc, Paul},
  year={2015},
  institution={National Bureau of Economic Research}
}

@article{gillingham2018forthcoming,
  title={Modeling uncertainty in climate change: A multi-model comparison},
  author={Gillingham, Kenneth and Nordhaus, William D and Anthoff, David and Blanford, Geoffrey and Bosetti, Valentina and Christensen, Peter and McJeon, Haewon and Reilly, John and Sztorc, Paul},
  year={2018, forthcoming},
  journal={Journal of the Association of Environmental and Resource Economists}
}


@article{christensensuburbs,
  title={Suburbs or Skyscrapers: The effect of Chinaâ€™s land leasing market on housing decentralization},
  author={Christensen, Peter},
  year={2018}
}

@article{albouyunlocking,
  title={Unlocking Amenities: Complementarity in {P}ublic {G}ood {C}onsumption},
  author={Albouy, David and Christensen, Peter and Sarmiento, Ignacio},
  year={2018}
}

@article{flintwater,
  title={Economic {E}ffects of {E}nvironmental {C}rises: {E}vidence from {F}lint, {M}ichigan},
  author={Keiser, David and Christensen, Peter and Lade, Gabriel},
  year={2018}
}

@misc{welfarediscrimination,
  title={The Welfare Effect of Racial Discrimination in the US},
  author={Timmins, Chris and Christensen, Peter},
  year={2018},
  howpublished={Working Paper}
}

@misc{christensenspeedlimits,
  title={Why Should Developing Country Cities Reduce their Speed Limits: Evidence from Brazil},
  author={Ang, Amanda and Christensen, Peter and Vieira, Renato},
  year={2018},
  howpublished={Working Paper}
}

@misc{christensenwedge,
  title={Decomposing the {W}edge: {M}echanisms driving the gap between projected and realized returns from energy efficiency investments},
  author={Christensen, Peter and Myers, Erica and Francisco,  Paul},
  year={2018},
  howpublished={Working Paper}
}

